<?xml version="1.0" encoding="UTF-8"?><collection xmlns="http://www.loc.gov/MARC21/slim"><record><leader>00605nam--2200193-i-4500</leader><controlfield tag="001">000033597</controlfield><controlfield tag="002">20161230</controlfield><controlfield tag="005">20161230201039</controlfield><controlfield tag="008">060222s1000------------r-----000-0-rum-d</controlfield><datafield ind1=" " ind2=" " tag="040"><subfield code="a">IFIN-HH</subfield></datafield><datafield ind1=" " ind2=" " tag="041"><subfield code="a">rum</subfield></datafield><datafield ind1=" " ind2=" " tag="080"><subfield code="a">539.12.08(043)</subfield></datafield><datafield ind1="1" ind2=" " tag="100"><subfield code="a">Milu, Constantin</subfield></datafield><datafield ind1="1" ind2="0" tag="245"><subfield code="a">Distributia dozei absorbite in apropierea zonei de interfata (zona de tranzitie) dintre doua medii de densitate diferita</subfield><subfield code="b">Teza</subfield><subfield code="c">Constanti milu</subfield></datafield><datafield ind1=" " ind2=" " tag="260"><subfield code="a">Bucuresti</subfield><subfield code="b">Ifin</subfield><subfield code="c">1987</subfield></datafield><datafield ind1=" " ind2=" " tag="300"><subfield code="a">113P</subfield></datafield><datafield ind1=" " ind2=" " tag="502"><subfield code="a">Conducator Stiintific: Dr.Fiz. Mircea Oncescu</subfield></datafield><datafield ind1=" " ind2=" " tag="852"><subfield code="a">73850</subfield><subfield code="c">539.17</subfield></datafield><datafield ind1=" " ind2=" " tag="CAT"><subfield code="a">Sys</subfield><subfield code="c">20120625</subfield><subfield code="h">124309</subfield></datafield></record></collection>